
@book{2004explanatory,
  title={Explanatory item response models},
  author={De Boeck, Paul and Wilson, M},
  year={2004},
  publisher={Wiley Online Library}
} 

@article{de2008random,
  title={Random item IRT models},
  author={De Boeck, Paul},
  journal={Psychometrika},
  volume={73},
  number={4},
  pages={533--559},
  year={2008},
  publisher={Springer}
}

@article{adams1997,
  title={The multidimensional random coefficients multinomial logit model},
  author={Adams, Raymond J and Wilson, Mark and Wang, Wen-chung},
  journal={Applied psychological measurement},
  volume={21},
  number={1},
  pages={1--23},
  year={1997},
  publisher={SAGE PUBLICATIONS, INC. 2455 Teller Road, Thousand Oaks, CA 91320}
}

@article{wang2005,
  title={The Rasch testlet model},
  author={Wang, Wen-Chung and Wilson, Mark},
  journal={Applied Psychological Measurement},
  volume={29},
  number={2},
  pages={126--149},
  year={2005},
  publisher={Sage Publications Sage CA: Thousand Oaks, CA}
}

@article{kennedy2005constructing,
  title={Constructing measurement models for MRCML estimation: A primer for using the BEAR scoring engine},
  author={Kennedy, Cathleen A},
  journal={Berkeley Eval Assess Res Cent},
  year={2005}
}
 
@article{de2011estimation,
  title={The estimation of item response models with the lmer function from the lme4 package in R},
  author={De Boeck, Paul and Bakker, Marjan and Zwitser, Robert and Nivard, Michel and Hofman, Abe and Tuerlinckx, Francis and Partchev, Ivailo and others},
  journal={Journal of Statistical Software},
  volume={39},
  number={12},
  pages={1--28},
  year={2011}
}


@article{kim2020polytomous,
  title={Polytomous item explanatory item response theory models},
  author={Kim, Jinho and Wilson, Mark},
  journal={Educational and Psychological Measurement},
  volume={80},
  number={4},
  pages={726--755},
  year={2020},
  publisher={SAGE Publications Sage CA: Los Angeles, CA}
}


@article{doi:10.1080/00273171.2018.1535420,
author = {Edward E. Rigdon and Jan-Michael Becker and Marko Sarstedt},
title = {Factor Indeterminacy as Metrological Uncertainty: Implications for Advancing Psychological Measurement},
journal = {Multivariate Behavioral Research},
volume = {54},
number = {3},
pages = {429-443},
year  = {2019},
publisher = {Routledge},
doi = {10.1080/00273171.2018.1535420},
    note ={PMID: 30829544},

URL = { 
        https://doi.org/10.1080/00273171.2018.1535420
    
},
eprint = { 
        https://doi.org/10.1080/00273171.2018.1535420
    
}

}

@article{thissen2020intellectual,
  title={An intellectual history of parametric item response theory models in the twentieth century},
  author={Thissen, David and Steinberg, Lynne},
  journal={Chinese/English Journal of Educational Measurement and Evaluation| 教育测量与评估双语季刊},
  volume={1},
  number={1},
  pages={5},
  year={2020}
}


@article{frederickx2010rim,
  title={RIM: A random item mixture model to detect differential item functioning},
  author={Frederickx, Sofie and Tuerlinckx, Francis and De Boeck, Paul and Magis, David},
  journal={Journal of Educational Measurement},
  volume={47},
  number={4},
  pages={432--457},
  year={2010},
  publisher={Wiley Online Library}
}